<record xmlns="http://www.loc.gov/MARC21/slim">
   <leader>02078cam a2200337 i 45 0</leader>
   <controlfield tag="001">6855856</controlfield>
   <controlfield tag="003">OCoLC</controlfield>
   <controlfield tag="005">20150310105825.0</controlfield>
   <controlfield tag="008">140307s2015    nyu           000 0 eng d</controlfield>
   <datafield ind1=" " ind2=" " tag="020">
      <subfield code="a">0991247620</subfield>
   </datafield>
   <datafield ind1=" " ind2=" " tag="020">
      <subfield code="a">9780991247622</subfield>
   </datafield>
   <datafield ind1=" " ind2=" " tag="035">
      <subfield code="a">ocn908537797</subfield>
   </datafield>
   <datafield ind1=" " ind2=" " tag="040">
      <subfield code="a">YDXCP</subfield>
      <subfield code="b">eng</subfield>
      <subfield code="e">rda</subfield>
      <subfield code="c">YDXCP</subfield>
      <subfield code="d">BTCTA</subfield>
      <subfield code="d">BDX</subfield>
      <subfield code="d">AEVC</subfield>
   </datafield>
   <datafield ind1=" " ind2=" " tag="090">
      <subfield code="a">PAP 300</subfield>
      <subfield code="b">AEVC</subfield>
   </datafield>
   <datafield ind1="1" ind2=" " tag="100">
      <subfield code="a">Nadeau, Barbie Latza,</subfield>
      <subfield code="e">author.</subfield>
   </datafield>
   <datafield ind1="1" ind2="0" tag="245">
      <subfield code="a">Angel face :</subfield>
      <subfield code="b">sex, murder, and the inside story of Amanda Knox /</subfield>
      <subfield code="c">Barbie Latza Nadeau.</subfield>
   </datafield>
   <datafield ind1=" " ind2="1" tag="264">
      <subfield code="a">New York:</subfield>
      <subfield code="b">Beast Books,</subfield>
      <subfield code="c">[2015]</subfield>
   </datafield>
   <datafield ind1=" " ind2="4" tag="264">
      <subfield code="c">©2015.</subfield>
   </datafield>
   <datafield ind1=" " ind2=" " tag="300">
      <subfield code="a">xviii, 233 pages ; 20 cm</subfield>
   </datafield>
   <datafield ind1=" " ind2=" " tag="336">
      <subfield code="a">text</subfield>
      <subfield code="b">txt</subfield>
      <subfield code="2">rdacontent</subfield>
   </datafield>
   <datafield ind1=" " ind2=" " tag="337">
      <subfield code="a">unmediated</subfield>
      <subfield code="b">n</subfield>
      <subfield code="2">rdamedia</subfield>
   </datafield>
   <datafield ind1=" " ind2=" " tag="338">
      <subfield code="a">volume</subfield>
      <subfield code="b">nc</subfield>
      <subfield code="2">rdacarrier</subfield>
   </datafield>
   <datafield ind1=" " ind2=" " tag="520">
      <subfield code="a">In November 2007 Meredith Kercher, a fresh-faced honor student, was found dead in her shared apartment in Perugia, Italy. Her body, naked but for a T-shirt, was covered in bruises; her blood-smeared hand was suspended in the air above her face; and she had fatal stab wounds in her neck. The Italian police eventually arrested three people in connection with Meredith’s killing. One was her flat-mate Amanda Knox who, with her boyfriend Raffaele Sollecito and Rudy Guede, was convicted of murder in 2011. They received jail terms of twenty-six and twenty-five years. After four years in prison, Knox and Sollecito successfully appealed their convictions and were released, only to be reconvicted in January 2014.  Barbie Latza Nadeau covered every step of the investigation, trial, and appeal. She has been relentless in following the byzantine processes of Italian law and has never lost sight of the central question: who killed Meredith Kercher?</subfield>
   </datafield>
   <datafield ind1=" " ind2=" " tag="596">
      <subfield code="a">3</subfield>
   </datafield>
   <datafield ind1="1" ind2=" " tag="600">
      <subfield code="a">Knox, Amanda</subfield>
      <subfield code="x">Trials, litigation, etc.</subfield>
   </datafield>
   <datafield ind1="1" ind2=" " tag="600">
      <subfield code="a">Kercher, Meredith</subfield>
      <subfield code="x">Trials, litigation, etc.</subfield>
   </datafield>
   <datafield ind1=" " ind2="0" tag="650">
      <subfield code="a">Murder</subfield>
      <subfield code="z">Italy.</subfield>
   </datafield>
   <datafield ind1=" " ind2="0" tag="650">
      <subfield code="a">Homicide investigation</subfield>
      <subfield code="z">Italy.</subfield>
   </datafield>
   <datafield ind1=" " ind2="0" tag="650">
      <subfield code="a">Trials (Murder)</subfield>
      <subfield code="z">Italy.</subfield>
   </datafield>
   <datafield ind1=" " ind2="0" tag="650">
      <subfield code="a">Murder</subfield>
      <subfield code="z">Italy</subfield>
      <subfield code="z">Perugia</subfield>
      <subfield code="v">Case studies.</subfield>
   </datafield>
   <datafield ind1=" " ind2=" " tag="926">
      <subfield code="a">PAP 300</subfield>
      <subfield code="w">ASIS</subfield>
      <subfield code="c">1</subfield>
      <subfield code="i">33862001359227</subfield>
      <subfield code="l">PAPERBACKS</subfield>
      <subfield code="m">NORQ_MAIN</subfield>
      <subfield code="p">$13.88</subfield>
      <subfield code="r">Y</subfield>
      <subfield code="s">Y</subfield>
      <subfield code="t">PAPERBACK</subfield>
      <subfield code="u">5/5/2015</subfield>
   </datafield>
</record>
